@book{Parr:2009:LIP:1823613,
 author = {Parr, Terence},
 title = {Language Implementation Patterns: Create Your Own Domain-Specific and General Programming Languages},
 year = {2009},
 isbn = {193435645X, 9781934356456},
 edition = {1st},
 publisher = {Pragmatic Bookshelf},
} 